@Article{moore,
  author= {Gordon E. Moore},
  title= {{Cramming more components onto integrated circuits}},
  year= {1965},
  journal= {Electronics},
  institution= {Fairchild Semiconductor},
  url= {\url{http://download.intel.com/research/silicon/moorespaper.pdf}}
}
@Article{amdahl,
  author= {Gene M. Amdahl},
  title= {{Validity of the single processor approach to achieving large scale computing capabilities}},
  year= {1967},
  journal= {AFIPS Conference Proceedings},
  institution= {IBM},
  url= {http://www-inst.eecs.berkeley.edu/~n252/paper/Amdahl.pdf}
}
@Article {dally,
  author= {Bill Dally},
  title= {{The End of Denial Architecture and The Rise of Throughput Computing}},
  year= {2009},
  journal = {Async Conference UNC},
  institution= {NVIDIA, Stanford University},
  howpublished= {\url{http://asyncsymposium.org/async2009/slides/dally-async2009.pdf}}
}

@misc{threadpool,
    title = {{class ThreadPoolExecutor}},
    author = "Java Platform, Standard Edition 6 API Specification",
    howpublished = {\url{http://download.oracle.com/javase/6/docs/api/java/util/concurrent/ThreadPoolExecutor.html}}
}

@Article{beowulf,
  author= {D. Ridge and D. Becker and P. Merkey and T. Sterling},
  title= {{Beowulf: harnessing the power of parallelism in a pile-of-PCs}},
  year= {1997},
  journal= {Aerospace Conference, 1997. Proceedings., IEEE},
  institution= {USRA Center of Excellence in Space Data & Inf. Sci., NASA Goddard Space Flight Center, Greenbelt, MD },
  howpublished= {\url{http://ieeexplore.ieee.org/xpl/freeabs_all.jsp?arnumber=577619}}
}

@article{claypool++-2006,
	author = {Mark Claypool and Kajal Claypool},
	title = {Latency and Player Actions in Online Games},
	journal = {Communications of the ACM},
	year = 2005,
	pages = {40--45},
        volume = 49,
        number = 11,
	month = nov
}
@misc{tesla,
    title = {GPU Computing Technical Brief},
    howpublished = {\url{http://www.nvidia.com/docs/IO/43395/tesla_technical_brief.pdf}}
}
